% Copyright (c)  2005  Bram de Greve.
% 
% Permission is granted to copy, distribute and/or modify 
% this document under the terms of the GNU Free Documentation 
% License, Version 1.2 or any later version published by the 
% Free Software Foundation; with the Invariant Sections being 
% the chapter ``Introduction", no Front-Cover Texts, and no 
% Back-Cover Texts.  A copy of the license is included in the 
% section entitled "GNU Free Documentation License".

@inproceedings{ kirk88ray,
    author = "David Kirk and James Arvo",
    title = "The Ray Tracing Kernel",
    booktitle = "Proc. of Ausgraph '88",
    address = "Melbourne, Australia",
    pages = "75--82",
    year = "1988",
    url = "citeseer.ist.psu.edu/kirk88ray.html" }

@MISC{GPL,
  key = {GPL},
	title = {GNU General Public License},
	howpublished = {http://www.gnu.org/licenses/gpl.html}
}

@MISC{Lass,
  key = {Lass},
	title = {Library of assembled shared sources},
	howpublished = {http://lass.sourceforge.net/}
}

@book{Pharr2004pbrt,
 author = {Matt Pharr and Greg Humphreys},
 title = {Physically Based Rendering: From Theory to Implementation},
 series = {Series in Interactive 3D Technology},
 year = {2004},
 isbn = {012553180X},
 publisher = {Morgan Kaufmann Publishers Inc.},
 address = {San Francisco, CA, USA},
 note = {ISBN 0-12-553180-X}
}

@MISC{Python,
  key = {Python},
	title = {Python},
	howpublished = {http://www.python.org/}
}

@MISC{RISpec,
  key = {RISpec},
	title = {The RenderMan Interface Specification},
	howpublished = {\\https://renderman.pixar.com/products/rispec/}
}
